<record xmlns="http://www.loc.gov/MARC21/slim" xmlns:xsi="http://www.w3.org/2001/XMLSchema-instance" xsi:schemaLocation="http://www.loc.gov/MARC21/slim http://www.loc.gov/standards/marcxml/schema/MARC21slim.xsd"><leader>00733cz   2200205n  4500</leader><controlfield tag="001">oca01193636 </controlfield><controlfield tag="005">20010412064223.0</controlfield><controlfield tag="008">840914n| acannaab|          |a aaa      </controlfield><datafield ind1=" " ind2=" " tag="010"><subfield code="a">n  84169983 </subfield></datafield><datafield ind1=" " ind2=" " tag="040"><subfield code="a">DLC</subfield><subfield code="c">DLC</subfield><subfield code="d">DLC</subfield><subfield code="d">Uk</subfield></datafield><datafield ind1="0" ind2=" " tag="100"><subfield code="a">Zosimus</subfield></datafield><datafield ind1="0" ind2=" " tag="400"><subfield code="a">Zosimus,</subfield><subfield code="c">historian</subfield><subfield code="w">nnaa</subfield></datafield><datafield ind1="0" ind2=" " tag="400"><subfield code="a">Zosimo</subfield></datafield><datafield ind1="0" ind2=" " tag="400"><subfield code="a">Zosimos</subfield></datafield><datafield ind1="0" ind2=" " tag="400"><subfield code="a">Zosime</subfield></datafield><datafield ind1=" " ind2=" " tag="670"><subfield code="a">His New history, 1982:</subfield><subfield code="b">t.p. (Zosimus)</subfield></datafield><datafield ind1=" " ind2=" " tag="670"><subfield code="a">LC data base, 9-11-84</subfield><subfield code="b">(hdg.: Zosimus, historian; usage: Zosimo)</subfield></datafield><datafield ind1=" " ind2=" " tag="670"><subfield code="a">Cichocka, H. Rytmika prozy Zosimosa na tle ... 1985.</subfield></datafield><datafield ind1=" " ind2=" " tag="670"><subfield code="a">Cassell's encycl. of world lit., 2nd ed.:</subfield><subfield code="b">v. 3, p. 788 (Zosimus, fl. second half of 5th cent., Greek historian)</subfield></datafield><datafield ind1=" " ind2=" " tag="670"><subfield code="a">His Histoire nouvelle, 1971-:</subfield><subfield code="b">v. 3, t.p. (Zosime)</subfield></datafield></record>